
    <zs:record>
      <zs:recordSchema/>
      <zs:recordPacking>xml</zs:recordPacking>
      <zs:recordData>
        <record xmlns="http://www.loc.gov/MARC21/slim">
          <leader>01374cam a22003375a 4500</leader>
          <controlfield tag="001">189088</controlfield>
          <controlfield tag="005">20060928134353.0</controlfield>
          <controlfield tag="008">981214r19911930enke          001 0 eng d</controlfield>
          <datafield tag="035" ind1=" " ind2=" ">
            <subfield code="9">(DLC)   98230690</subfield>
          </datafield>
          <datafield tag="906" ind1=" " ind2=" ">
            <subfield code="a">0</subfield>
            <subfield code="b">ibc</subfield>
            <subfield code="c">copycat</subfield>
            <subfield code="d">2</subfield>
            <subfield code="e">ncip</subfield>
            <subfield code="f">19</subfield>
            <subfield code="g">y-gencatlg</subfield>
          </datafield>
          <datafield tag="955" ind1=" " ind2=" ">
            <subfield code="a">nb00 12-14-1998</subfield>
          </datafield>
          <datafield tag="010" ind1=" " ind2=" ">
            <subfield code="a">   98230690 </subfield>
          </datafield>
          <datafield tag="015" ind1=" " ind2=" ">
            <subfield code="a">GB98-48707</subfield>
          </datafield>
          <datafield tag="020" ind1=" " ind2=" ">
            <subfield code="a">0900416300 (pbk)</subfield>
          </datafield>
          <datafield tag="035" ind1=" " ind2=" ">
            <subfield code="a">(OCoLC)39443381</subfield>
          </datafield>
          <datafield tag="040" ind1=" " ind2=" ">
            <subfield code="a">UKM</subfield>
            <subfield code="c">UKM</subfield>
            <subfield code="d">DLC</subfield>
          </datafield>
          <datafield tag="042" ind1=" " ind2=" ">
            <subfield code="a">lccopycat</subfield>
          </datafield>
          <datafield tag="050" ind1="0" ind2="0">
            <subfield code="a">ACQUISITION IN PROCESS  (COPIED)   (lccopycat)</subfield>
          </datafield>
          <datafield tag="100" ind1="1" ind2=" ">
            <subfield code="a">Porter, Bertha,</subfield>
            <subfield code="d">1852-1941.</subfield>
          </datafield>
          <datafield tag="245" ind1="1" ind2="0">
            <subfield code="a">Topographical bibliography of ancient Egyptian hieroglyphic texts, reliefs and paintings.</subfield>
          </datafield>
          <datafield tag="260" ind1=" " ind2=" ">
            <subfield code="a">Oxford :</subfield>
            <subfield code="b">The Griffith Institute, Ashmolean Museum,</subfield>
            <subfield code="c">1991.</subfield>
          </datafield>
          <datafield tag="300" ind1=" " ind2=" ">
            <subfield code="a">xix, 264 p. :</subfield>
            <subfield code="b">plans ;</subfield>
            <subfield code="c">25 cm.</subfield>
          </datafield>
          <datafield tag="505" ind1="1" ind2=" ">
            <subfield code="a">VI. Upper Egypt, chief temples (excluding Thebes) : Abydos, Dendera, Esna, Edfu, Kôm, Ombo and Philae / Bertha Porter and Rosalind L. B. Moss.  1991.</subfield>
          </datafield>
          <datafield tag="650" ind1=" " ind2="0">
            <subfield code="a">Egyptian language</subfield>
            <subfield code="x">Writing, Hieroglyphic</subfield>
            <subfield code="v">Bibliography.</subfield>
          </datafield>
          <datafield tag="650" ind1=" " ind2="0">
            <subfield code="a">Inscriptions, Egyptian</subfield>
            <subfield code="v">Bibliography.</subfield>
          </datafield>
          <datafield tag="650" ind1=" " ind2="0">
            <subfield code="a">Painting, Egyptian</subfield>
            <subfield code="v">Bibliography.</subfield>
          </datafield>
          <datafield tag="650" ind1=" " ind2="0">
            <subfield code="a">Painting, Ancient</subfield>
            <subfield code="v">Bibliography.</subfield>
          </datafield>
          <datafield tag="700" ind1="1" ind2=" ">
            <subfield code="a">Moss, Rosalind L. B.</subfield>
            <subfield code="q">(Rosalind Louisa Beaufort)</subfield>
          </datafield>
          <datafield tag="710" ind1="2" ind2=" ">
            <subfield code="a">Griffith Institute.</subfield>
          </datafield>
          <datafield tag="886" ind1="2" ind2=" ">
            <subfield code="2">ukmarc</subfield>
            <subfield code="a">910</subfield>
            <subfield code="b">20</subfield>
            <subfield code="a">Ashmolean Museum</subfield>
            <subfield code="c">Griffith Institute</subfield>
            <subfield code="x">See</subfield>
            <subfield code="a">Griffith Institute</subfield>
            <subfield code="z">710</subfield>
          </datafield>
          <datafield tag="922" ind1=" " ind2=" ">
            <subfield code="a">ap</subfield>
          </datafield>
        </record>
      </zs:recordData>
      <zs:recordPosition>2</zs:recordPosition>
    </zs:record>