
    <zs:record>
      <zs:recordSchema/>
      <zs:recordPacking>xml</zs:recordPacking>
      <zs:recordData>
        <record xmlns="http://www.loc.gov/MARC21/slim">
          <leader>02531cam a2200397 a 4500</leader>
          <controlfield tag="001">189090</controlfield>
          <controlfield tag="005">20030708094027.0</controlfield>
          <controlfield tag="008">981214s19781995enkabe   b    000 0 eng d</controlfield>
          <datafield tag="035" ind1=" " ind2=" ">
            <subfield code="9">(DLC)   98230695</subfield>
          </datafield>
          <datafield tag="906" ind1=" " ind2=" ">
            <subfield code="a">7</subfield>
            <subfield code="b">cbc</subfield>
            <subfield code="c">copycat</subfield>
            <subfield code="d">2</subfield>
            <subfield code="e">ncip</subfield>
            <subfield code="f">19</subfield>
            <subfield code="g">y-gencatlg</subfield>
          </datafield>
          <datafield tag="955" ind1=" " ind2=" ">
            <subfield code="a">nb00 12-14-1998; nb11 07-14-1999; yk07 10-08-99; yk02 10-08-99; yk10 to Dewey 10-21-99; aa01 11-10-99</subfield>
          </datafield>
          <datafield tag="010" ind1=" " ind2=" ">
            <subfield code="a">   98230695 </subfield>
          </datafield>
          <datafield tag="020" ind1=" " ind2=" ">
            <subfield code="a">090041667X (v. 8)</subfield>
          </datafield>
          <datafield tag="035" ind1=" " ind2=" ">
            <subfield code="a">(OCoLC)07301583</subfield>
          </datafield>
          <datafield tag="040" ind1=" " ind2=" ">
            <subfield code="a">CLE</subfield>
            <subfield code="c">CLE</subfield>
            <subfield code="d">UMC</subfield>
            <subfield code="d">TXX</subfield>
            <subfield code="d">DLC</subfield>
          </datafield>
          <datafield tag="042" ind1=" " ind2=" ">
            <subfield code="a">lccopycat</subfield>
          </datafield>
          <datafield tag="043" ind1=" " ind2=" ">
            <subfield code="a">f-ua---</subfield>
          </datafield>
          <datafield tag="050" ind1="0" ind2="0">
            <subfield code="a">Z7064</subfield>
            <subfield code="b">.P85 1978</subfield>
            <subfield code="a">PJ1521</subfield>
          </datafield>
          <datafield tag="082" ind1="0" ind2="0">
            <subfield code="a">016.493/111</subfield>
            <subfield code="2">21</subfield>
          </datafield>
          <datafield tag="100" ind1="1" ind2=" ">
            <subfield code="a">Porter, Bertha,</subfield>
            <subfield code="d">1852-1941.</subfield>
          </datafield>
          <datafield tag="245" ind1="1" ind2="0">
            <subfield code="a">Topographical bibliography of ancient Egyptian hieroglyphic texts, reliefs, and paintings /</subfield>
            <subfield code="c">by Bertha Porter and Rosalind L.B. Moss, assisted by Ethel W. Burney.</subfield>
          </datafield>
          <datafield tag="250" ind1=" " ind2=" ">
            <subfield code="a">2nd. ed., rev. and augm. / by Jaromír Málek.</subfield>
          </datafield>
          <datafield tag="260" ind1=" " ind2=" ">
            <subfield code="a">Oxford :</subfield>
            <subfield code="b">Griffith Institute, Ashmolean Museum,</subfield>
            <subfield code="c">&lt;1978-1999   &gt;</subfield>
          </datafield>
          <datafield tag="300" ind1=" " ind2=" ">
            <subfield code="a">&lt; v. 1, pts. 1-2; v. 2, pts. 1-2; v. 4-7; v. 8, pts. 1-3; in 14&gt; :</subfield>
            <subfield code="b">maps, diagrs., plans ;</subfield>
            <subfield code="c">28 cm.</subfield>
          </datafield>
          <datafield tag="500" ind1=" " ind2=" ">
            <subfield code="a">Vol. &lt;8   &gt; has title: Topographical bibliography of ancient Egyptian hieroglyphic texts, statues, reliefs, and paintings.</subfield>
          </datafield>
          <datafield tag="500" ind1=" " ind2=" ">
            <subfield code="a">Vol. &lt;8, pts. 1-3   &gt;: by Jaromir Malik, assisted by Diane Magee and Elizabeth Miles</subfield>
          </datafield>
          <datafield tag="500" ind1=" " ind2=" ">
            <subfield code="a">Vols. 4-5: issued in microfiche; each volume has 4 microfiches.</subfield>
          </datafield>
          <datafield tag="500" ind1=" " ind2=" ">
            <subfield code="a">Previously  vol. 4 published in 1934 and vol. 5 published in 1937.</subfield>
          </datafield>
          <datafield tag="505" ind1="0" ind2=" ">
            <subfield code="a">1. The Theban necropolis. pt. 1. Private tombs. pt. 2. Royal tombs and smaller cemeteries (2 v.) -- 2. Theban temples -- 3. Memphis: pt. 1. Abû Rawâsh to Abûsir. pt. 2. Sạqqâra to Dashûr: Fascicle I (III² 393-574); Fascile 2 (III² 575-776); Fascicle 3 (III² 777-1014) (5 v.) -- 4. Lower and Middle Egypt (Delta and Cairo to Asyut) -- 5. Upper Egypt -- 6. Upper Egypt, chief temples (excluding Thebes) -- 7. Nubia, the deserts, and outside Egypt -- 8. Objects of provenance not known: pt. 1. Royal statues, private statues (Predynastic to Dynasty XVII. pt. 2. Private statues (Dynasty XVIII to the Roman period), statues of deities. pt. [3]. Indices to pts. 1 and 2. Statues.</subfield>
          </datafield>
          <datafield tag="650" ind1=" " ind2="0">
            <subfield code="a">Egyptian language</subfield>
            <subfield code="x">Writing, Hieroglyphic</subfield>
            <subfield code="v">Bibliography.</subfield>
          </datafield>
          <datafield tag="651" ind1=" " ind2="0">
            <subfield code="a">Egypt</subfield>
            <subfield code="x">Antiquities</subfield>
            <subfield code="v">Bibliography.</subfield>
          </datafield>
          <datafield tag="700" ind1="1" ind2=" ">
            <subfield code="a">Moss, Rosalind L. B.</subfield>
            <subfield code="q">(Rosalind Louisa Beaufort)</subfield>
          </datafield>
          <datafield tag="700" ind1="1" ind2=" ">
            <subfield code="a">Málek, Jaromír.</subfield>
          </datafield>
          <datafield tag="952" ind1=" " ind2=" ">
            <subfield code="a">Assign to MicRR per J. Sweany, vb27 10-12-99</subfield>
          </datafield>
          <datafield tag="922" ind1=" " ind2=" ">
            <subfield code="a">ap</subfield>
          </datafield>
          <datafield tag="923" ind1=" " ind2=" ">
            <subfield code="d">20000426</subfield>
            <subfield code="n">224075</subfield>
            <subfield code="s">Everetts</subfield>
          </datafield>
        </record>
      </zs:recordData>
      <zs:recordPosition>4</zs:recordPosition>
    </zs:record>