
    <zs:record>
      <zs:recordSchema/>
      <zs:recordPacking>xml</zs:recordPacking>
      <zs:recordData>
        <record xmlns="http://www.loc.gov/MARC21/slim">
          <leader>01690cam a22003255a 4500</leader>
          <controlfield tag="001">190021</controlfield>
          <controlfield tag="005">20041019114416.0</controlfield>
          <controlfield tag="008">981218m19729999enka     b    000 0 eng d</controlfield>
          <datafield tag="035" ind1=" " ind2=" ">
            <subfield code="9">(DLC)   98232953</subfield>
          </datafield>
          <datafield tag="906" ind1=" " ind2=" ">
            <subfield code="a">0</subfield>
            <subfield code="b">ibc</subfield>
            <subfield code="c">copycat</subfield>
            <subfield code="d">2</subfield>
            <subfield code="e">ncip</subfield>
            <subfield code="f">19</subfield>
            <subfield code="g">y-gencatlg</subfield>
          </datafield>
          <datafield tag="955" ind1=" " ind2=" ">
            <subfield code="a">nb00 12-18-1998</subfield>
          </datafield>
          <datafield tag="010" ind1=" " ind2=" ">
            <subfield code="a">   98232953 </subfield>
          </datafield>
          <datafield tag="035" ind1=" " ind2=" ">
            <subfield code="a">(OCoLC)10954935</subfield>
          </datafield>
          <datafield tag="040" ind1=" " ind2=" ">
            <subfield code="a">CSF</subfield>
            <subfield code="c">CSF</subfield>
            <subfield code="d">PIT</subfield>
            <subfield code="d">DLC</subfield>
          </datafield>
          <datafield tag="042" ind1=" " ind2=" ">
            <subfield code="a">lccopycat</subfield>
          </datafield>
          <datafield tag="050" ind1="0" ind2="0">
            <subfield code="a">ACQUISITION IN PROCESS  (COPIED)   (lccopycat)</subfield>
          </datafield>
          <datafield tag="097" ind1="0" ind2="0">
            <subfield code="a">Z7064</subfield>
            <subfield code="b">.P84 1972x</subfield>
          </datafield>
          <datafield tag="100" ind1="1" ind2=" ">
            <subfield code="a">Porter, Bertha,</subfield>
            <subfield code="d">1852-1941.</subfield>
          </datafield>
          <datafield tag="245" ind1="1" ind2="0">
            <subfield code="a">Topographical bibliography of ancient Egyptian hieroglyphic texts, reliefs, and paintings /</subfield>
            <subfield code="c">by Bertha Porter and Rosalind L.B. Moss ; assisted by Ethel W. Burney.</subfield>
          </datafield>
          <datafield tag="250" ind1=" " ind2=" ">
            <subfield code="a">2d ed., rev. and augmented.</subfield>
          </datafield>
          <datafield tag="260" ind1=" " ind2=" ">
            <subfield code="a">Oxford [Eng.] :</subfield>
            <subfield code="b">Clarendon Press,</subfield>
            <subfield code="c">1972-</subfield>
          </datafield>
          <datafield tag="300" ind1=" " ind2=" ">
            <subfield code="a">v. :</subfield>
            <subfield code="b">ill. ;</subfield>
            <subfield code="c">23 cm.</subfield>
          </datafield>
          <datafield tag="504" ind1=" " ind2=" ">
            <subfield code="a">Includes bibliographies references.</subfield>
          </datafield>
          <datafield tag="505" ind1="0" ind2=" ">
            <subfield code="a">1. The Theban nectopolis. pt. 1. Private tombs. pt. 2 Royal tombs and smaller cemeteries -- 2. The Theban temples -- 3. Memphis (Abu Rawash to Dahshur) -- 4. Lower and Middle Egypt (Delta and Cairo to Asyut) -- 5. Upper Egypt: sites (Deir Rifa to Aswan, excluding Thebes and the temples of Abydos, Dendera, Esna, Edfu, Kom Ombo and Philae) -- 6. Upper Egypt: chief temples (excluding Thebes) Abydos, Dendera, Esna, Edfu, Kom Ombo, and Philae -- 7. Nubia, the deserts, and outside, Egypt.</subfield>
          </datafield>
          <datafield tag="650" ind1=" " ind2="0">
            <subfield code="a">Egyptian language</subfield>
            <subfield code="x">Writing, Hieroglyphic</subfield>
            <subfield code="x">Bibliography.</subfield>
          </datafield>
          <datafield tag="651" ind1=" " ind2="0">
            <subfield code="a">Egypt</subfield>
            <subfield code="x">Antiquities</subfield>
            <subfield code="x">Bibliography.</subfield>
          </datafield>
          <datafield tag="651" ind1=" " ind2="0">
            <subfield code="a">Thebes (Egypt : Extinct city)</subfield>
          </datafield>
          <datafield tag="650" ind1=" " ind2="0">
            <subfield code="a">Tombs</subfield>
            <subfield code="z">Egypt</subfield>
            <subfield code="z">Thebes (Extinct city)</subfield>
          </datafield>
          <datafield tag="700" ind1="1" ind2=" ">
            <subfield code="a">Moss, Rosalind L. B.</subfield>
            <subfield code="q">(Rosalind Louisa Beaufort)</subfield>
          </datafield>
          <datafield tag="922" ind1=" " ind2=" ">
            <subfield code="a">ap</subfield>
          </datafield>
        </record>
      </zs:recordData>
      <zs:recordPosition>5</zs:recordPosition>
    </zs:record>